<record><leader>00000cas a22000007a 4500</leader><controlfield tag="001">24424191</controlfield><controlfield tag="008">910920d18951896mnuwr ne      0    0eng d</controlfield><datafield ind1=" " ind2=" " tag="010"><subfield code="a">sn 91059501 </subfield></datafield><datafield ind1=" " ind2=" " tag="040"><subfield code="a">MN#</subfield><subfield code="b">eng</subfield><subfield code="c">MN#</subfield><subfield code="d">OCLCQ</subfield><subfield code="d">OCLCF</subfield><subfield code="d">OCLCO</subfield></datafield><datafield ind1="1" ind2=" " tag="029"><subfield code="a">AU@</subfield><subfield code="b">000025896373</subfield></datafield><datafield ind1=" " ind2=" " tag="042"><subfield code="a">msc</subfield></datafield><datafield ind1=" " ind2=" " tag="043"><subfield code="a">n-us-mn</subfield></datafield><datafield ind1=" " ind2=" " tag="052"><subfield code="a">4144</subfield><subfield code="b">V7</subfield><subfield code="b">E8</subfield></datafield><datafield ind1=" " ind2=" " tag="052"><subfield code="a">4143</subfield><subfield code="b">S2</subfield></datafield><datafield ind1="0" ind2="4" tag="245"><subfield code="a">The hustler and Mountain Iron Manitou.</subfield></datafield><datafield ind1=" " ind2=" " tag="260"><subfield code="a">Virginia, Minn. :</subfield><subfield code="b">Hustler Pub. Co.</subfield></datafield><datafield ind1=" " ind2=" " tag="300"><subfield code="a">v.</subfield></datafield><datafield ind1=" " ind2=" " tag="310"><subfield code="a">Weekly</subfield></datafield><datafield ind1="1" ind2=" " tag="362"><subfield code="a">Began May 4, 1895; ceased in Aug. 1896.</subfield></datafield><datafield ind1=" " ind2=" " tag="500"><subfield code="a">Published at: Eveleth, Minn., &lt;Mar. 1896-Aug. 1896&gt;</subfield></datafield><datafield ind1=" " ind2=" " tag="530"><subfield code="a">Available on microfilm from the Minnesota Historical Society.</subfield></datafield><datafield ind1=" " ind2=" " tag="588"><subfield code="a">Description based on: Vol. 1, no. 2 (May 11, 1895) = v. 3, no. 35.</subfield></datafield><datafield ind1=" " ind2="0" tag="651"><subfield code="a">Saint Louis County (Minn.)</subfield><subfield code="v">Newspapers.</subfield></datafield><datafield ind1=" " ind2="7" tag="655"><subfield code="a">Newspapers.</subfield><subfield code="2">fast</subfield><subfield code="0">(OCoLC)fst01423814</subfield></datafield><datafield ind1=" " ind2="7" tag="651"><subfield code="a">Minnesota</subfield><subfield code="z">Saint Louis County.</subfield><subfield code="2">fast</subfield><subfield code="0">(OCoLC)fst01221320</subfield></datafield><datafield ind1=" " ind2=" " tag="752"><subfield code="a">United States</subfield><subfield code="b">Minnesota</subfield><subfield code="c">Saint Louis</subfield><subfield code="d">Virginia.</subfield></datafield><datafield ind1=" " ind2=" " tag="752"><subfield code="a">United States</subfield><subfield code="b">Minnesota</subfield><subfield code="c">Saint Louis</subfield><subfield code="d">Eveleth.</subfield></datafield><datafield ind1="0" ind2="0" tag="780"><subfield code="t">Mountain Iron Manitou</subfield><subfield code="w">(DLC)sn 91059478</subfield></datafield><datafield ind1="0" ind2="0" tag="785"><subfield code="t">Duluth hustler</subfield></datafield></record>